

@article{etienne2011diversity,
  title={Diversity-dependence brings molecular phylogenies closer to agreement with the fossil record},
  author={Etienne, Rampal S and Haegeman, Bart and Stadler, Tanja and Aze, Tracy and Pearson, Paul N and Purvis, Andy and Phillimore, Albert B},
  journal={Proceedings of the Royal Society of London B: Biological Sciences},
  pages={rspb20111439},
  year={2011},
  publisher={The Royal Society}
}

